<?xml version="1.0" encoding="UTF-8" ?><marc:collection xmlns:marc="http://www.loc.gov/MARC21/slim" xmlns:xsi="http://www.w3.org/2001/XMLSchema-instance" xsi:schemaLocation="http://www.loc.gov/MARC21/slim http://www.loc.gov/standards/marcxml/schema/MARC21slim.xsd">
<marc:record><marc:leader>02177cam a2200385Ii 4500</marc:leader>
<marc:controlfield tag="001">b12975424</marc:controlfield>
<marc:controlfield tag="003">UaCaAUL</marc:controlfield><marc:controlfield tag="005">20161102095849.0</marc:controlfield><marc:controlfield tag="008">030602q19501955ua a          000 0 ara d</marc:controlfield><marc:datafield tag="035" ind1=" " ind2=" "><marc:subfield code="a">(OCoLC)60509885</marc:subfield></marc:datafield><marc:datafield tag="040" ind1=" " ind2=" "><marc:subfield code="a">MEAUC</marc:subfield><marc:subfield code="b">eng</marc:subfield><marc:subfield code="e">rda</marc:subfield><marc:subfield code="c">MEAUC</marc:subfield><marc:subfield code="d">OCLCF</marc:subfield><marc:subfield code="d">OCLCO</marc:subfield><marc:subfield code="d">OCLCQ</marc:subfield><marc:subfield code="d">MEAUC</marc:subfield></marc:datafield><marc:datafield tag="049" ind1=" " ind2=" "><marc:subfield code="a">MAIN</marc:subfield></marc:datafield><marc:datafield tag="066" ind1=" " ind2=" "><marc:subfield code="c">(3</marc:subfield></marc:datafield><marc:datafield tag="090" ind1=" " ind2=" "><marc:subfield code="a">BC59</marc:subfield><marc:subfield code="b">.S32 1955</marc:subfield></marc:datafield><marc:datafield tag="100" ind1="1" ind2=" "><marc:subfield code="6">880-01</marc:subfield><marc:subfield code="a">Sālim, ʻAbd al-Rḥmān Muṣṭafá.</marc:subfield></marc:datafield><marc:datafield tag="245" ind1="1" ind2="0"><marc:subfield code="6">880-02</marc:subfield><marc:subfield code="a">Mudhakkirah fī ʻilm al-manṭiq, , qism al-tasḍiq̄at̄, li-tụllab̄ al-sanah al-than̄iȳah al-than̄awiȳah /</marc:subfield><marc:subfield code="c">taʼlīf ʻAbd al-Rḥmān Muṣṭafá Sālim.</marc:subfield></marc:datafield><marc:datafield tag="250" ind1=" " ind2=" "><marc:subfield code="6">880-03</marc:subfield><marc:subfield code="a">al-Ṭabʻah al-thānīyah.</marc:subfield></marc:datafield><marc:datafield tag="264" ind1=" " ind2="1"><marc:subfield code="6">880-04</marc:subfield><marc:subfield code="a">[Cairo] :</marc:subfield><marc:subfield code="b">Dār Akhbr̄ al-Yawm,</marc:subfield><marc:subfield code="c">[1955?]</marc:subfield></marc:datafield><marc:datafield tag="300" ind1=" " ind2=" "><marc:subfield code="a">79 pages :</marc:subfield><marc:subfield code="b">illustrations ;</marc:subfield><marc:subfield code="c">24 cm.</marc:subfield></marc:datafield><marc:datafield tag="336" ind1=" " ind2=" "><marc:subfield code="a">text</marc:subfield><marc:subfield code="b">txt</marc:subfield><marc:subfield code="2">rdacontent.</marc:subfield></marc:datafield><marc:datafield tag="337" ind1=" " ind2=" "><marc:subfield code="a">unmediated</marc:subfield><marc:subfield code="b">n</marc:subfield><marc:subfield code="2">rdamedia.</marc:subfield></marc:datafield><marc:datafield tag="338" ind1=" " ind2=" "><marc:subfield code="a">volume</marc:subfield><marc:subfield code="b">nc</marc:subfield><marc:subfield code="2">rdacarrier.</marc:subfield></marc:datafield><marc:datafield tag="500" ind1=" " ind2=" "><marc:subfield code="6">880-05</marc:subfield><marc:subfield code="a">&quot;Ḥuqūq al-ṭabʻ maḥfūẓah lil-muʼallif, kul nuskhah ghayr makhtūmah bi-khitm al-muʼallif tuʻad masrūqah&quot;.</marc:subfield></marc:datafield><marc:datafield tag="500" ind1=" " ind2=" "><marc:subfield code="6">880-06</marc:subfield><marc:subfield code="a">&quot;Qarrart al-Idārah al-ʻĀmmah lil-Azhar tadrīs hadhihi al-mudhakkirah li-ṭullāb al-sanah al-thānyah al-thānawīyah bi-al-maʻāhid al-dīnīyah bi-al-amr raqam 15031.&quot;</marc:subfield></marc:datafield><marc:datafield tag="650" ind1=" " ind2="0"><marc:subfield code="a">Logic.</marc:subfield></marc:datafield><marc:datafield tag="880" ind1="1" ind2="0"><marc:subfield code="6">245-02/(3/r</marc:subfield><marc:subfield code="a">مذكرة فى علم المنطق قسم التصديقات لطلاب السنة الثانية الثانوية  /</marc:subfield><marc:subfield code="c">تأليف عبد الرحمن مصطفى سالم..</marc:subfield></marc:datafield><marc:datafield tag="880" ind1="1" ind2=" "><marc:subfield code="6">100-01/(3/r</marc:subfield><marc:subfield code="a">سالم، عبد الرحمن مصطفى..</marc:subfield></marc:datafield><marc:datafield tag="880" ind1=" " ind2="1"><marc:subfield code="6">264-04/(3/r</marc:subfield><marc:subfield code="a">[Cairo] :</marc:subfield><marc:subfield code="b">دار أخبار اليوم،</marc:subfield><marc:subfield code="c">[1955?]</marc:subfield></marc:datafield><marc:datafield tag="880" ind1=" " ind2=" "><marc:subfield code="6">250-03/(3/r</marc:subfield><marc:subfield code="a">الطبعة الثانية..</marc:subfield></marc:datafield><marc:datafield tag="880" ind1=" " ind2=" "><marc:subfield code="6">500-06/(3/r</marc:subfield><marc:subfield code="a">&quot;قررت الإدارة العامة للأزهر تدريس هذه المذكرة لطلاب السنة الثانية الثانوية بالمعاهد الدينية بالأمر رقم 15031.&quot;</marc:subfield></marc:datafield><marc:datafield tag="880" ind1=" " ind2=" "><marc:subfield code="6">500-05/(3/r</marc:subfield><marc:subfield code="a">حقوق الطبع محفوظة للمؤلف: كل نسخة غير مختومة بختم المؤلف تعد مسروقة..</marc:subfield></marc:datafield><marc:datafield tag="907" ind1=" " ind2=" "><marc:subfield code="a">.b12975424</marc:subfield><marc:subfield code="b">main </marc:subfield></marc:datafield><marc:datafield tag="902" ind1=" " ind2=" "><marc:subfield code="a">170207</marc:subfield></marc:datafield><marc:datafield tag="998" ind1=" " ind2=" "><marc:subfield code="b">1</marc:subfield><marc:subfield code="c">030609</marc:subfield><marc:subfield code="d">m</marc:subfield><marc:subfield code="e">a</marc:subfield><marc:subfield code="f">-</marc:subfield><marc:subfield code="g">0</marc:subfield><marc:subfield code="k">USA</marc:subfield></marc:datafield><marc:datafield tag="945" ind1=" " ind2=" "><marc:subfield code="l">main </marc:subfield></marc:datafield></marc:record>
</marc:collection>
